@inproceedings{Clarke09,
  author    = {Edmund M. Clarke},
  title     = {My 27-year Quest to Overcome the State Explosion Problem},
  booktitle = {Proceedings of the 24th Annual {IEEE} Symposium on Logic in Computer
               Science, {LICS} 2009, 11-14 August 2009, Los Angeles, CA, {USA}},
  pages     = {3},
  year      = {2009},
  url       = {http://dx.doi.org/10.1109/LICS.2009.42},
  doi       = {10.1109/LICS.2009.42},
  timestamp = {Sat, 22 Nov 2014 13:44:43 +0100},
  biburl    = {http://dblp.uni-trier.de/rec/bib/conf/lics/Clarke09},
  bibsource = {dblp computer science bibliography, http://dblp.org}
}

@inproceedings{ClarkeKNZ11,
  author    = {Edmund M. Clarke and
               William Klieber and
               Milos Nov{\'{a}}cek and
               Paolo Zuliani},
  title     = {Model Checking and the State Explosion Problem},
  booktitle = {Tools for Practical Software Verification, LASER, International Summer
               School 2011, Elba Island, Italy, Revised Tutorial Lectures},
  pages     = {1--30},
  year      = {2011},
  doi       = {10.1007/978-3-642-35746-6_1},
  biburl    = {http://dblp.uni-trier.de/rec/bib/conf/laser/ClarkeKNZ11},
  bibsource = {dblp computer science bibliography, http://dblp.org}
}

@article{bip2,
  author    = {Ananda Basu and
               Saddek Bensalem and
               Marius Bozga and
               Jacques Combaz and
               Mohamad Jaber and
               Thanh{-}Hung Nguyen and
               Joseph Sifakis},
  title     = {Rigorous Component-Based System Design Using the {BIP} Framework},
  journal   = {{IEEE} Software},
  volume    = {28},
  number    = {3},
  pages     = {41--48},
  year      = {2011},
  url       = {http://dx.doi.org/10.1109/MS.2011.27},
  doi       = {10.1109/MS.2011.27},
  timestamp = {Tue, 12 Jan 2016 12:01:45 +0100},
  biburl    = {http://dblp.uni-trier.de/rec/bib/journals/software/BasuBBCJNS11},
  bibsource = {dblp computer science bibliography, http://dblp.org}
}

@article{bip-distributed,
  author    = {Borzoo Bonakdarpour and
               Marius Bozga and
               Mohamad Jaber and
               Jean Quilbeuf and
               Joseph Sifakis},
  title     = {A framework for automated distributed implementation of component-based
               models},
  journal   = {Distributed Computing},
  volume    = {25},
  number    = {5},
  pages     = {383--409},
  year      = {2012},
  url       = {http://dx.doi.org/10.1007/s00446-012-0168-6},
  doi       = {10.1007/s00446-012-0168-6},
  timestamp = {Tue, 25 Sep 2012 16:03:42 +0200},
  biburl    = {http://dblp.uni-trier.de/rec/bib/journals/dc/BonakdarpourBJQS12},
  bibsource = {dblp computer science bibliography, http://dblp.org}
}

@inproceedings{PinisettyPTJFM16,
  author    = {Srinivas Pinisetty and
               Viorel Preoteasa and
               Stavros Tripakis and
               Thierry J{\'{e}}ron and
               Yli{\`{e}}s Falcone and
               Herv{\'{e}} Marchand},
  title     = {Predictive runtime enforcement},
  booktitle = {Proceedings of the 31st Annual {ACM} Symposium on Applied Computing,
               Pisa, Italy, April 4-8, 2016},
  pages     = {1628--1633},
  year      = {2016},
  url       = {http://doi.acm.org/10.1145/2851613.2851827},
  doi       = {10.1145/2851613.2851827},
  timestamp = {Mon, 06 Jun 2016 18:51:39 +0200},
  biburl    = {http://dblp.uni-trier.de/rec/bib/conf/sac/PinisettyPTJFM16},
  bibsource = {dblp computer science bibliography, http://dblp.org}
}

@inproceedings{CharafeddineEFJ15,
  author    = {Hadil Charafeddine and
               Khalil El{-}Harake and
               Yli{\`{e}}s Falcone and
               Mohamad Jaber},
  title     = {Runtime enforcement for component-based systems},
  booktitle = {Proceedings of the 30th Annual {ACM} Symposium on Applied Computing,
               Salamanca, Spain, April 13-17, 2015},
  pages     = {1789--1796},
  year      = {2015},
  url       = {http://doi.acm.org/10.1145/2695664.2695879},
  doi       = {10.1145/2695664.2695879},
  timestamp = {Tue, 21 Jul 2015 21:17:02 +0200},
  biburl    = {http://dblp.uni-trier.de/rec/bib/conf/sac/CharafeddineEFJ15},
  bibsource = {dblp computer science bibliography, http://dblp.org}
}

@article{HuangPSW16,
  author    = {Chung{-}Hao Huang and
               Doron A. Peled and
               Sven Schewe and
               Farn Wang},
  title     = {A Game-Theoretic Foundation for the Maximum Software Resilience against
               Dense Errors},
  journal   = {{IEEE} Trans. Software Eng.},
  volume    = {42},
  number    = {7},
  pages     = {605--622},
  year      = {2016},
  url       = {http://dx.doi.org/10.1109/TSE.2015.2510001},
  doi       = {10.1109/TSE.2015.2510001},
  timestamp = {Thu, 28 Jul 2016 09:14:19 +0200},
  biburl    = {http://dblp2.uni-trier.de/rec/bib/journals/tse/HuangPSW16},
  bibsource = {dblp computer science bibliography, http://dblp.org}
}

@inproceedings{genetic1,
  author    = {Doron Peled},
  title     = {Using Genetic Programming for Software Reliability},
  booktitle = {Runtime Verification - 16th International Conference, {RV} 2016, Madrid,
               Spain, September 23-30, 2016, Proceedings},
  pages     = {116--131},
  year      = {2016},
  timestamp = {Tue, 20 Sep 2016 14:31:01 +0200},
  biburl    = {http://dblp2.uni-trier.de/rec/bib/conf/rv/Peled16},
  bibsource = {dblp computer science bibliography, http://dblp.org}
}

@inproceedings{genetic2,
  author    = {Gal Katz and
               Doron A. Peled},
  title     = {Synthesizing, Correcting and Improving Code, Using Model Checking-Based
               Genetic Programming},
  booktitle = {Hardware and Software: Verification and Testing - 9th International
               Haifa Verification Conference, {HVC} 2013, Haifa, Israel, November
               5-7, 2013, Proceedings},
  pages     = {246--261},
  year      = {2013},
  timestamp = {Fri, 12 Feb 2016 07:36:54 +0100},
  biburl    = {http://dblp2.uni-trier.de/rec/bib/conf/hvc/KatzP13},
  bibsource = {dblp computer science bibliography, http://dblp.org}
}

@inproceedings{genetic3,
  author    = {Doron Peled},
  title     = {Automatic Synthesis of Code Using Genetic Programming},
  booktitle = {Leveraging Applications of Formal Methods, Verification and Validation:
               Foundational Techniques - 7th International Symposium, ISoLA 2016,
               Imperial, Corfu, Greece, October 10-14, 2016, Proceedings, Part {I}},
  pages     = {182--187},
  year      = {2016},
  doi       = {10.1007/978-3-319-47166-2_12},
  timestamp = {Wed, 05 Oct 2016 13:36:58 +0200},
  biburl    = {http://dblp2.uni-trier.de/rec/bib/conf/isola/Peled16},
  bibsource = {dblp computer science bibliography, http://dblp.org}
}

@inproceedings{PinisettyT16,
  author    = {Srinivas Pinisetty and
               Stavros Tripakis},
  title     = {Compositional Runtime Enforcement},
  booktitle = {{NASA} Formal Methods - 8th International Symposium, {NFM} 2016, Minneapolis,
               MN, USA, June 7-9, 2016, Proceedings},
  pages     = {82--99},
  year      = {2016},
  timestamp = {Tue, 07 Jun 2016 12:58:33 +0200},
  biburl    = {http://dblp.uni-trier.de/rec/bib/conf/nfm/PinisettyT16},
  bibsource = {dblp computer science bibliography, http://dblp.org}
}

@inproceedings{PnueliR89,
  author    = {Amir Pnueli and
               Roni Rosner},
  title     = {On the Synthesis of a Reactive Module},
  booktitle = {Conference Record of the Sixteenth Annual {ACM} Symposium on Principles
               of Programming Languages, Austin, Texas, USA, January 11-13, 1989},
  pages     = {179--190},
  year      = {1989},
  url       = {http://doi.acm.org/10.1145/75277.75293},
  doi       = {10.1145/75277.75293},
  timestamp = {Mon, 21 May 2012 16:19:51 +0200},
  biburl    = {http://dblp.uni-trier.de/rec/bib/conf/popl/PnueliR89},
  bibsource = {dblp computer science bibliography, http://dblp.org}
}

@inproceedings{PnueliR90,
  author    = {Amir Pnueli and
               Roni Rosner},
  title     = {Distributed Reactive Systems Are Hard to Synthesize},
  booktitle = {31st Annual Symposium on Foundations of Computer Science, St. Louis,
               Missouri, USA, October 22-24, 1990, Volume {II}},
  pages     = {746--757},
  year      = {1990},
  url       = {http://dx.doi.org/10.1109/FSCS.1990.89597},
  doi       = {10.1109/FSCS.1990.89597},
  timestamp = {Mon, 15 Jun 2015 19:00:07 +0200},
  biburl    = {http://dblp.uni-trier.de/rec/bib/conf/focs/PnueliR90},
  bibsource = {dblp computer science bibliography, http://dblp.org}
}

@inproceedings{BensalemBNS09,
  author    = {Saddek Bensalem and
               Marius Bozga and
               Thanh{-}Hung Nguyen and
               Joseph Sifakis},
  title     = {D-Finder: {A} Tool for Compositional Deadlock Detection and Verification},
  booktitle = {Computer Aided Verification, 21st International Conference, {CAV}
               2009, Grenoble, France, June 26 - July 2, 2009. Proceedings},
  pages     = {614--619},
  year      = {2009},
  timestamp = {Thu, 25 Jun 2009 12:22:34 +0200},
  biburl    = {http://dblp.uni-trier.de/rec/bib/conf/cav/BensalemBNS09},
  bibsource = {dblp computer science bibliography, http://dblp.org}
}

@article{FalconeJNBB15,
  author    = {Yli{\`{e}}s Falcone and
               Mohamad Jaber and
               Thanh{-}Hung Nguyen and
               Marius Bozga and
               Saddek Bensalem},
  title     = {Runtime verification of component-based systems in the {BIP} framework
               with formally-proved sound and complete instrumentation},
  journal   = {Software and System Modeling},
  volume    = {14},
  number    = {1},
  pages     = {173--199},
  year      = {2015},
  url       = {http://dx.doi.org/10.1007/s10270-013-0323-y},
  doi       = {10.1007/s10270-013-0323-y},
  biburl    = {http://dblp.uni-trier.de/rec/bib/journals/sosym/FalconeJNBB15},
  bibsource = {dblp computer science bibliography, http://dblp.org}
}

@inproceedings{QueilleS82,
  author    = {Jean{-}Pierre Queille and
               Joseph Sifakis},
  title     = {Specification and verification of concurrent systems in {CESAR}},
  booktitle = {International Symposium on Programming, 5th Colloquium, Torino, Italy,
               April 6-8, 1982, Proceedings},
  pages     = {337--351},
  year      = {1982},
  biburl    = {http://dblp.uni-trier.de/rec/bib/conf/programm/QueilleS82},
  bibsource = {dblp computer science bibliography, http://dblp.org}
}

@article{rvylies,
  author    = {Yli{\`{e}}s Falcone and
               Lenore D. Zuck},
  title     = {Runtime verification: the application perspective},
  journal   = {{STTT}},
  volume    = {17},
  number    = {2},
  pages     = {121--123},
  year      = {2015},
  url       = {http://dx.doi.org/10.1007/s10009-014-0360-z},
  doi       = {10.1007/s10009-014-0360-z},
  timestamp = {Fri, 06 Mar 2015 12:58:07 +0100},
  biburl    = {http://dblp.uni-trier.de/rec/bib/journals/sttt/FalconeZ15},
  bibsource = {dblp computer science bibliography, http://dblp.org}
}

@inproceedings{FlanaganQ02,
  author    = {Cormac Flanagan and
               Shaz Qadeer},
  title     = {Predicate abstraction for software verification},
  booktitle = {Conference Record of {POPL} 2002: The 29th {SIGPLAN-SIGACT} Symposium
               on Principles of Programming Languages, Portland, OR, USA, January
               16-18, 2002},
  pages     = {191--202},
  year      = {2002},
  url       = {http://doi.acm.org/10.1145/503272.503291},
  doi       = {10.1145/503272.503291},
  biburl    = {http://dblp.uni-trier.de/rec/bib/conf/popl/FlanaganQ02},
  bibsource = {dblp computer science bibliography, http://dblp.org}
}
